@book{kemnitz2009technische1,
  title={Technische Informatik: Band 1: Elekteronik},
  author={Kemnitz, G{\"u}nter},
  year={2009},
  publisher={Springer-Verlag}
}

