@book{hoffmann2020grundlagen,
  title={Grundlagen der technischen Informatik},
  author={Hoffmann, Dirk W},
  year={2020},
  publisher={Carl Hanser Verlag GmbH Co KG}
}

@book{rautenberg2002einfuhrung,
  title={Einf{\"u}hrung in die mathematische Logik},
  author={Rautenberg, Wolfgang},
  year={2008},
  publisher={Springer}
}

@book{teschl2013mathematik,
  title={Mathematik f{\"u}r Informatiker: Band 1: Diskrete Mathematik und Lineare Algebra},
  author={Teschl, Gerald and Teschl, Susanne},
  year={2013},
  publisher={Springer-Verlag}
}

@article{bewersdorff2007algebra,
  title={Algebra f{\"u}r Einsteiger: Von der Gleichungsaufl{\"o}sung zur Galois-Theorie, 3},
  author={Bewersdorff, J{\"o}rg},
  journal={Aufl. Vieweg+ Teubner, Wiesbaden (2007, Juli)},
  year={2007}
}

@article{barnett2013boolean,
  title={Boolean algebra as an abstract structure: Edward V. Huntington and axiomatization},
  author={Barnett, Janet Heine},
  journal={Convergence},
  year={2013}
}

@incollection{sasao1999lattice,
  title={Lattice and Boolean Algebra},
  author={Sasao, Tsutomu},
  booktitle={Switching Theory for Logic Synthesis},
  pages={17--34},
  year={1999},
  publisher={Springer}
}

@ARTICLE{IEEE754Original,
  author={},
  journal={ANSI/IEEE Std 754-1985},
  title={IEEE Standard for Binary Floating-Point Arithmetic},
  year={1985},
  volume={},
  number={},
  pages={1-20},
  doi={10.1109/IEEESTD.1985.82928}
}


 @inproceedings{cornea2009ieee,
  title={IEEE 754-2008 Decimal Floating-Point for Intel{\textregistered} Architecture Processors},
  author={Cornea, Marius},
  booktitle={2009 19th IEEE Symposium on Computer Arithmetic},
  pages={225--228},
  year={2009},
  organization={IEEE}
}

@article{goldberg1991every,
  title={What every computer scientist should know about floating-point arithmetic},
  author={Goldberg, David},
  journal={ACM computing surveys (CSUR)},
  volume={23},
  number={1},
  pages={5--48},
  year={1991},
  publisher={ACM New York, NY, USA}
}


 
